<?xml version="1.0" encoding="UTF-8"?><record xmlns="http://www.loc.gov/MARC21/slim" xmlns:cinclude="http://apache.org/cocoon/include/1.0" xmlns:zs="http://www.loc.gov/zing/srw/">
  <leader>00784cz  a2200133n  4500</leader>
  <controlfield tag="001">n  88017101 </controlfield>
  <controlfield tag="003">DLC</controlfield>
  <controlfield tag="005">20120804082604.0</controlfield>
  <controlfield tag="008">881005n| acannaab           |n ana      </controlfield>
  <datafield tag="010" ind1=" " ind2=" ">
    <subfield code="a">n  88017101 </subfield>
  </datafield>
  <datafield tag="040" ind1=" " ind2=" ">
    <subfield code="a">DLC</subfield>
    <subfield code="b">eng</subfield>
    <subfield code="c">DLC</subfield>
    <subfield code="d">DLC</subfield>
  </datafield>
  <datafield tag="111" ind1="2" ind2=" ">
    <subfield code="a">Workshop on Antarctic Middle and Upper Atmosphere Physics</subfield>
    <subfield code="d">(1986 :</subfield>
    <subfield code="c">San Diego, Calif.)</subfield>
  </datafield>
  <datafield tag="667" ind1=" " ind2=" ">
    <subfield code="a">THIS 1XX FIELD CANNOT BE USED UNDER RDA UNTIL THIS RECORD HAS BEEN REVIEWED AND/OR UPDATED</subfield>
  </datafield>
  <datafield tag="670" ind1=" " ind2=" ">
    <subfield code="a">Nagata Symposium on Geomagnetically Conjugate Studies (1986 : San Diego, Calif.) Proceedings of the Nagata Symposium on Geomagnetically Conjugate Studies and the Workshop on Antarctic Middle and Upper Atmosphere Physics, 1987:</subfield>
    <subfield code="b">t.p. (Workshop on Antarctic Middle and Upper Atmosphere Physics) frwd. (held in San Diego, Calif.; June 16-20, 1986)</subfield>
  </datafield>
</record>